@book{BDChiral04,
  title = {Chiral {{Algebras}}},
  author = {Beilinson, Alexander and Drinfeld, Vladimir},
  date = {2004},
  series = {Colloquium {{Publications}}},
  number = {51},
  publisher = {American Mathematical Society},
  isbn = {978-1-4704-3197-6},
  keywords = {factAlg},
  file = {/Users/dot/Zotero/storage/YWYBC7LA/BDChiral04.pdf}
}

@book{BerIntroduction87,
  title = {Introduction to {{Superanalysis}}},
  author = {Berezin, F. A.},
  date = {1987},
  series = {Mathematical {{Physics}} and {{Applied Mathematics}}},
  number = {9},
  publisher = {Springer Science+Business Media},
  doi = {10.1007/978-94-017-1963-6},
  file = {/Users/dot/Zotero/storage/Y6ZI9PLK/BerIntroduction87.pdf}
}

@book{BPIntroduction09,
  title = {Introduction to {{Conformal Field Theory}}: {{With Applications}} to {{String Theory}}},
  author = {Blumenhagen, R. and Plauschinn, E.},
  date = {2009},
  series = {Lecture {{Notes}} in {{Physics}}},
  number = {779},
  publisher = {Springer-Verlag},
  doi = {10.1007/978-3-642-00450-6},
  file = {/Users/dot/Zotero/storage/EPY4SNMU/BPIntroduction09.pdf}
}

@book{CCFMathematical11,
  title = {Mathematical {{Foundations}} of {{Supersymmetry}}},
  author = {Carmeli, Claudio and Caston, Lauren and Fioresi, Rita},
  date = {2011},
  series = {{{EMS Series}} of {{Lectures}} in {{Mathematics}}},
  publisher = {European Mathematical Society},
  isbn = {978-3-03719-097-5},
  file = {/Users/dot/Zotero/storage/K99FRZXC/CCFMathematical11.pdf}
}

@book{CGFactorization17,
  title = {Factorization {{Algebras}} in {{Quantum Field Theory}}},
  author = {Costello, Kevin and Gwilliam, Owen},
  date = {2017},
  series = {New {{Mathematical Monographs}}},
  volume = {1},
  number = {31},
  publisher = {Cambridge University Press},
  doi = {10.1017/9781316678626},
  keywords = {factAlg},
  file = {/Users/dot/Zotero/storage/TXUHMMJE/CGFactorization17.pdf}
}

@book{CGFactorization21,
  title = {Factorization {{Algebras}} in {{Quantum Field Theory}}},
  author = {Costello, Kevin and Gwilliam, Owen},
  date = {2021},
  series = {New {{Mathematical Monographs}}},
  volume = {2},
  number = {41},
  publisher = {Cambridge University Press},
  doi = {10.1017/9781316678664},
  keywords = {factAlg},
  file = {/Users/dot/Zotero/storage/AXTSU8LK/CGFactorization21.pdf}
}

@book{CosRenormalization11,
  title = {Renormalization and {{Effective Field Theory}}},
  author = {Costello, Kevin},
  date = {2011},
  series = {Mathematical {{Surveys}} and {{Monographs}}},
  number = {170},
  publisher = {American Mathematical Society},
  isbn = {978-0-8218-5288-0},
  keywords = {factAlg},
  file = {/Users/dot/Zotero/storage/I69TRGWS/CosRenormalization11.pdf}
}

@article{EWYAsymptotic18,
  title = {Asymptotic {{Freedom}} in the {{BV Formalism}}},
  author = {Elliot, Chris and Williams, Brian and Yoo, Philsang},
  date = {2018},
  journaltitle = {Journal of Geometry and Physics},
  volume = {123},
  pages = {246--283},
  issn = {0393-0440},
  doi = {10.1016/j.geomphys.2017.08.009},
  file = {/Users/dot/Zotero/storage/W8SEK7KL/EWYAsymptotic18.pdf}
}

@book{FBVertex04,
  title = {Vertex {{Algebras}} and {{Algebraic Curves}}},
  author = {Frenkel, Edward and Ben-Zvi, David},
  date = {2004},
  series = {Mathematical {{Surveys}} and {{Monographs}}},
  edition = {2},
  number = {88},
  publisher = {American Mathematical Society},
  isbn = {0-8218-2894-0},
  file = {/Users/dot/Zotero/storage/66YDUIZ5/FBVertex04.pdf}
}

@thesis{GwiFactorization,
  title = {Factorization Algebras and Free Field Theories},
  author = {Gwilliam, Owen},
  langid = {english},
  file = {/Users/dot/Zotero/storage/YGCBVICB/GwiFactorization.pdf}
}

@article{WilVirasoro17,
  title = {The {{Virasoro}} Vertex Algebra and Factorization Algebras on {{Riemann}} Surfaces},
  author = {Williams, Brian},
  date = {2017},
  journaltitle = {Lett Math Phys},
  volume = {107},
  pages = {2189--2237},
  doi = {10.1007/s11005-017-0982-7},
  file = {/Users/dot/Zotero/storage/AL7HU7UW/WilVirasoro17.pdf}
}
